% Encoding: UTF-8

@Book{ableson2012android,
  author    = {Ableson, W.F. and Sen, R. and King, C. .},
  title     = {Android in Action},
  year      = {2012},
  series    = {Mobile technology},
  publisher = {Manning},
  isbn      = {9781617290503},
  url       = {https://books.google.co.id/books?id=wH1gzgAACAAJ},
  lccn      = {2012361079},
}

@Misc{nielsen2012,
  author       = {Jakob Nielsen},
  title        = {Usability 101: Introduction to Usability.},
  year         = {2012},
  howpublished = {https://www.nngroup.com/articles/usability-101-introduction-to-usability/.},
  note         = {Diakses pada tanggal 15 Maret 2018},
  url          = {https://www.nngroup.com/articles/usability-101-introduction-to-usability/.},
  urldate      = {2018-04-19},
}

@Misc{Michael,
  author       = {Michael.},
  title        = {Extreme Programming – Michael – Medium},
  year         = {2015},
  howpublished = {https://medium.com/@mikesebastian/extreme-programming-c715e6b8e0e9},
  note         = {Diakses pada tanggal 17 April 2018},
  url          = {https://medium.com/@mikesebastian/extreme-programming-c715e6b8e0e9},
  urldate      = {2018-03-18},
}

@Book{Nazruddin,
  author    = {Nazruddin, Safaat H.},
  title     = {Pemrograman Aplikasi Mobile Smartphone dan Tablet PC Berbasis Android.},
  year      = {2012},
  publisher = {Informatika},
}

@Book{supardi2011,
  author    = {Yuniar Supardi},
  title     = {Semua Bisa Menjadi Programmer Android Basic},
  year      = {2011},
  publisher = {PT Elex Media Komputindo},
  address   = {Jakarta},
}

@Misc{Permana,
  author  = {Permana, Y.},
  title   = {Ini Dia Perbedaan Aplikasi Native, Hybrid atau Web - CodePolitan.com},
  year    = {2016},
  note    = {Diakses pada tanggal 20 April 2018},
  url     = {https://www.codepolitan.com/apa-bedanya-aplikasi-native-hybrid-dan-web},
  urldate = {2018-03-06},
}

@Misc{Ionic,
  author       = {Ionic Framework},
  title        = {What is Ionic},
  year         = {2017},
  howpublished = {https://ionicframework.com/what-is-ionic},
  note         = {Diakses pada tanggal 28 Mei 2018},
  url          = {https://ionicframework.com/what-is-ionic},
  urldate      = {2018-03-20},
}

@Misc{Shanardi,
  author       = {Shanardi, A.},
  title        = {Pengertian Test Plan},
  year         = {2017},
  howpublished = {http://sis.binus.ac.id/2017/05/03/pengertian-test-plan/},
  note         = {Diakses pada tanggal 20 Juni 2018},
  url          = {http://sis.binus.ac.id/2017/05/03/pengertian-test-plan/},
  urldate      = {2018-03-06},
}

@Book{Utama,
  author    = {Utama, A.},
  title     = {Berfikir Objek: Cara Efektif Menguasai Java},
  year      = {2002},
  publisher = {IlmuKomputer.Com},
}

@Misc{zeiger1999servlet,
  author       = {Zeiger, Stefan},
  title        = {Servlet essentials},
  year         = {1999},
  howpublished = {http://www. novocode. com/doc/servletessentials},
  url          = {http://www. novocode. com/doc/servletessentials},
  journal      = {URL:},
}

@Article{zahariev2009google,
  author  = {Zahariev, Alexander},
  title   = {Google app engine},
  journal = {Helsinki University of Technology},
  year    = {2009},
  pages   = {1--5},
}

@Article{rosa2013rekayasa,
  author  = {Rosa, AS and Shalahuddin, M},
  title   = {Rekayasa Perangkat Lunak},
  journal = {Bandung: Informatika},
  year    = {2013},
}

@Book{pressman2005software,
  author    = {Pressman, R.S.},
  title     = {Software Engineering: A Practitioner's Approach},
  year      = {2005},
  series    = {McGraw-Hill higher education},
  publisher = {Boston},
  isbn      = {9780073019338},
  url       = {https://books.google.co.id/books?id=bL7QZHtWvaUC},
  lccn      = {2003026394},
}

@Misc{jauhari,
  author       = {Jauhari, Jaidan},
  title        = {Modul Rekayasa Perangkat Lunak},
  year         = {2009},
  howpublished = {https://www.scribd.com/document/240374472/Modul-Rekayasa-Perangkat-Lunak},
  note         = {Diakses pada tanggal 25 Agustus 2018},
  url          = {https://www.scribd.com/document/240374472/Modul-Rekayasa-Perangkat-Lunak},
}

@Book{raharjana2017pengembangan,
  author = {Raharjana, Indra Kharisma.},
  title  = {Pengembangan Sistem Informasi Menggunakan Metodologi Agile},
  year   = {2017},
  isbn   = {9786024536503},
  url    = {https://books.google.co.id/books?id=kEZHDwAAQBAJ},
}

@Book{scrum2010,
  author = {Sutherland, Jeff},
  title  = {Jeff Sutherland's Scrum Handbook},
  year   = {2010},
}

@Misc{sutherlandpanduan,
  author       = {Sutherland, Jeff and Schwber, Ken},
  title        = {Panduan Scrum, Rincian Panduan Scrum: Aturan Main},
  year         = {2017},
  howpublished = {https://www.scrumguides.org/docs/scrumguide/v2017/2017-Scrum-Guide-Indonesian.pdf},
  note         = {diakses pada tanggal 10 Nov 2018},
  url          = {https://www.scrumguides.org/docs/scrumguide/v2017/2017-Scrum-Guide-Indonesian.pdf},
}

@Article{software2008ieee,
  author  = {Software \& Systems Engineering Committee and others},
  title   = {IEEE standard for software and system test documentation},
  journal = {Fredericksburg, VA, USA: IEEE Computer Society},
  year    = {2008},
}

@Article{alurLPG,
  author  = {Subakdo, Wawan Ardi and Nugroho, Yuwono Ario},
  title   = {In-bound dan Out-bound Logistic pada Distribusi Lpg 3kg di Indonesia},
  journal = {Prosiding Semnastek},
  year    = {2016},
}

@Misc{fiktif,
  author       = {Fernando},
  editor       = {M. Iqbal},
  title        = {Dugaan Log Book Fiktif, Pertamina Janji Beri Sanksi PT. Pully Rafi Jaya - Tribun Pekanbaru},
  year         = {2017},
  date         = {2017-10-31},
  howpublished = {http://pekanbaru.tribunnews.com/2017/10/31/dugaan-log-book-fiktif-pertamina-janji-beri-sanksi-pt-pully-rafi-jaya},
  note         = {Diakses pada tanggal 6 Juni 2018},
  url          = {http://pekanbaru.tribunnews.com/2017/10/31/dugaan-log-book-fiktif-pertamina-janji-beri-sanksi-pt-pully-rafi-jaya},
  urldate      = {2018-06-06},
}

@InProceedings{malavolta2015hybrid,
  author       = {Malavolta, Ivano and Ruberto, Stefano and Soru, Tommaso and Terragni, Valerio},
  title        = {Hybrid mobile apps in the google play store: An exploratory investigation},
  booktitle    = {Proceedings of the Second ACM International Conference on Mobile Software Engineering and Systems},
  year         = {2015},
  organization = {IEEE Press},
  pages        = {56--59},
}

@Book{cheng2017build,
  author    = {Cheng, Fu},
  title     = {Build Mobile Apps with Ionic 2 and Firebase: Hybrid Mobile App Development},
  year      = {2017},
  publisher = {Apress},
}

@Misc{antaraRiau,
  author       = {Vera Lusiana},
  title        = {Penerapan Elpiji Bersubsidi Untuk Masyarakat Miskin Butuh Komitmen Bersama},
  year         = {2017},
  howpublished = {http://www.antarariau.com/berita/95487/penerapan-elpiji-bersubsidi-untuk-masyarakat-miskin-butuh-komitmen-bersama},
  note         = {Diakses pada tanggal 8 Agustus 2018},
  url          = {http://www.antarariau.com/berita/95487/penerapan-elpiji-bersubsidi-untuk-masyarakat-miskin-butuh-komitmen-bersama},
  urldate      = {2017-08-30},
}

@Misc{manadoTribun,
  author       = {Christian Wayongkere},
  editor       = {Alexander Pattyranie},
  title        = {Antrean Karena Sistem Log Book - Halaman all - Tribun Manado},
  year         = {2018},
  howpublished = {http://manado.tribunnews.com/2018/10/11/antrean-karena-sistem-log-book?page=all},
  note         = {Diakses pada tanggal 19 Nov 2018},
  url          = {http://manado.tribunnews.com/2018/10/11/antrean-karena-sistem-log-book?page=all},
  urldate      = {2018-10-11},
}

@Comment{jabref-meta: databaseType:biblatex;}
